
%% Created for Jakob Suckale at 2007-09-06 11:30:44 +0200 


%% Saved with string encoding Unicode (UTF-8) 

%%%%Lista de prefijos usados
% pr - paper
% gl - glosario
% bk - libros
% cr - referencias al crowdfunding
% ot - otros


%%%papers
%%%%%%%%%

@article{pr_gong2022ACL,
	title = {Less is More: Adaptive Curriculum Learning for Thyroid Nodule Diagnosis},
	author = {Gong, Haifan and Cheng, Hui and Xie, Yifan and Tan, Shuangyi and Chen, Guanqi and Chen, Fei and Li, Guanbin},
	journal = {Lecture Notes in Computer Science (including subseries Lecture Notes in Artificial Intelligence and Lecture Notes in Bioinformatics)},	
	volume={13434 LNCS},
	pages = {248-257},
	year={2022},
	doi = {10.1007/978-3-031-16440-8_24}
}

@inproceedings{pr_vaswani2017attentionisallneed,
	title = {Attention is all you need},
	author = {Vaswani, Ashish and Shazeer, Noam and Parmar, Niki and Uszkoreit, Jakob and Jones, Llion and Gomez, Aidan N. and Kaiser, Łukasz and Polosukhin, Illia},
	year = {2017},
	book = {Advances in Neural Information Processing Systems},
	pages = {5999-6009}
}

@article{pr_camacho2022ultrasonicimg,
	title = {Ultrasonic Imaging and Sensors},
	author = {Camacho, Jorge and Svilainis, Linas and Gomez Alvarez-Arenas, Tomas},
	journal = {Sensors},	
	volume={22},
	number = {20},
	pages = {7911-7911},
	year={2022},
	doi = {10.3390/s22207911v}
}

@inproceedings{pr_dosovitskiy2021animageisworth,
	title = {AN IMAGE IS WORTH 16X16 WORDS: TRANSFORMERS FOR IMAGE RECOGNITION AT SCALE},
	author = {Dosovitskiy, Alexey and Beyer, Lucas and Kolesnikov, Alexander and Weissenborn, Dirk and Zhai, Xiaohua and Unterthiner, Thomas and Dehghani, Mostafa and Minderer, Matthias and Heigold, Georg and Gelly, Sylvain and Uszkoreit, Jakob and Houlsby, Neil},
	year = {2021},
	booktitle = {ICLR 2021 - 9th International Conference on Learning Representations}
}

@article{pr_yang2023novelViTscc,
	title = {A Novel Vision Transformer Model for Skin Cancer Classification},
	author = {Yang, Guang and Luo, Suhuai and Greer, Peter},
	journal = {Neural Processing Letters},	
	volume={55},
	number = {7},
	pages = {9335-9351},
	year={2023},
	doi = {10.1007/s11063-023-11204-5}
}

@article{pr_ayana2023ViTtrasnferLMC,
	title = {Vision-Transformer-Based Transfer Learning for Mammogram Classification},
	author = {Ayana, Gelan and Dese, Kokeb and Dereje, Yisak and Kebede, Yonas and Barki, Hika and Amdissa, Dechassa and Husen, Nahimiya and Mulugeta, Fikadu and Habtamu, Bontu and Choe, Se-Woon},
	journal = {Diagnostics},	
	volume={13},
	number = {2},
	year={2023},
	doi = {10.3390/diagnostics13020178}
}

@article{pr_manzari2023MedViTGMIC,
	title = {MedViT: A robust vision transformer for generalized medical image classification},
	author = {Manzari, Omid Nejati and Ahmadabadi, Hamid and Kashiani, Hossein and Shokouhi, Shahriar B. and Ayatollahi, Ahmad},
	journal = {Computers in Biology and Medicine},	
	volume={157},
	year={2023},
	doi = {10.1016/j.compbiomed.2023.106791}
}

@article{pr_regmi2023ViTChestXray,
	title = {Vision transformer for efficient chest X-ray and gastrointestinal image classification},
	author = {Regmi, Smriti and Subedi, Aliza and Bagci, Ulas and Jha, Debesh},
	year={2023},
	doi = {10.48550/arXiv.2304.11529}
}

@article{pr_tampu2023diseasedthyOCT,
	title = {Diseased thyroid tissue classification in OCT images using deep learning: Towards surgical decision support},
	author = {Tampu, Iulian Emil and Eklund, Anders and Johansson, Kenth and Gimm, Oliver and Haj-Hosseini, Neda},
	journal = {Journal of Biophotonics},	
	volume = {16},
	number = {2},
	year={2023},
	doi = {10.1002/jbio.202200227}
}

@article{pr_JERBI2023autoclassViTGAN,
	title = {Automatic classification of ultrasound thyroids images using vision transformers and generative adversarial networks},
	author = {JERBI, Feres and ABOUDI, Noura and KHLIFA, Nawres},
	journal = {Scientific African},	
	volume = {20},
	year={2023},
	doi = {10.1016/j.sciaf.2023.e01679}
}

@article{pr_bhatta2021medimage,
	title = {Deep learning and medical image processing for coronavirus (COVID-19) pandemic: A survey},
	author = {Bhattacharya, S. and Reddy Maddikunta, P. K. and Pham, Q. V. and Gadekallu, T. R. and Krishnan S, S. R. and Chowdhary, C. L. and Alazab, M. and Jalil Piran, M},
	journal = {Sustainable Cities and Society},	
	volume={65},
	year={2021},
	doi = {10.1016/J.SCS.2020.102589},
}

@incollection{pr_binboga2019thyroid,
  title={Thyroid Anatomy},
  author={Binboga, Sinan and Gemici, Eyup and Binboga, Elif},
  booktitle={Knowledges on Thyroid Cancer},
  pages={1-11},
  year={2019},
  publisher={IntechOpen}
}

@article{pr_deng2022autclass,
	title = {Automatic classification of thyroid nodules in ultrasound images using a multi-task attention network guided by clinical knowledge},
	author = {Deng, P. and Han, X. and Wei, X. and Chang, L},
	journal = {Computers in Biology and Medicine},	
	volume={150},
	year={2022},
	doi = {10.1016/J.COMPBIOMED.2022.106172},
}

@article{pr_haugen2016amethy,
	title = {2015 American Thyroid Association Management Guidelines for Adult Patients with Thyroid Nodules and Differentiated Thyroid Cancer: The American Thyroid Association Guidelines Task Force on Thyroid Nodules and Differentiated Thyroid Cancer},
	author = {Haugen, B. R. and Alexander, E. K. and Bible, K. C. and Doherty, G. M. and Mandel, S. J. and Nikiforov, Y. E. and Pacini, F. and Randolph, G. W. and Sawka, A. M. and Schlumberger, M. and Schuff, K. G. and Sherman, S. I. and Sosa, J. A. and Steward, D. L. and Tuttle, R. M. and Wartofsky, L.},
	journal = {Thyroid},	
	volume={26},
	number={1},
	pages = {1-133},
	year={2016},
	doi = {10.1089/THY.2015.0020},
}

@inproceedings{pr_he2016deepres,
	title = {Deep residual learning for image recognition},
	author = {He, Kaiming and Zhang, Xiangyu and Ren, Shaoqing and Sun, Jian},
	year = {2016},
	booktitle = {Proceedings of the IEEE Computer Society Conference on Computer Vision and Pattern Recognition},
	location = {Las Vegas, Nevada, Estados Unidos},
	doi = {10.1109/CVPR.2016.90}
}

@article{pr_shin2016ultradiag,
	title = {Ultrasonography Diagnosis and Imaging-Based Management of Thyroid Nodules: Revised Korean Society of Thyroid Radiology Consensus Statement and Recommendations},
	author = {Shin, Jung Hee and Baek, Jung Hwan and Chung, Jin and Ha, Eun Joo and Kim, Ji-Hoon and Lee, Young Hen and Lim, Hyun Kyung and Moon, Won-Jin and Na, Dong Gyu and Park, Jeong Seon and Choi, Yoon Jung and Hahn, Soo Yeon and Jeon, Se Jeong and Jung, So Lyung and Kim, Dong Wook and Kim, Eun-Kyung and Kwak, Jin Young and Lee, Chang Yoon and Lee, Hui Joong and Lee, Jeong Hyun and Lee, Joon Hyung and Lee, Kwang Hui and Park, Sun-Won and Sung, Jin Young},
	journal = {Korean Journal of Radiology},	
	volume={17},
	number={3},
	pages = {370-395},
	year={2016},
	doi = {10.3348/kjr.2016.17.3.370},
}

@thesis{pr_herrera2017diseimp,
	author = {Herrera Gajardo, Javier Ignacio},
	title = {Diseño e implementación de técnicas de procesamiento de imágenes para dispositivo de ultrasonido portátil},
	type = {Tesis de pregrado},
	institution = {Universidad de Chile},
	year = {2017},
	url = {https://repositorio.uchile.cl/handle/2250/148434}
}

@inproceedings{pr_huang2016densconn,
	title = {Densely connected convolutional networks},
	author = {Huang, Gao and Liu, Zhuang and Van Der Maaten, Laurens and Weinberger, Kilian Q.},
	year = {2017},
	booktitle = {Proceedings - 30th IEEE Conference on Computer Vision and Pattern Recognition, CVPR 2017},
	doi = {10.1109/CVPR.2017.243},
	pages = {2261-2269}
}

@article{pr_kang2022thysegclass,
	title = {Thyroid nodule segmentation and classification in ultrasound images through intra- and inter-task consistent learning},
	author = {Kang, Qingbo and Lao, Qicheng and Li, Yiyue and Jiang, Zekun and Qiu, Yue and Zhang, Shaoting and Li, Kang},
	journal = {Medical Image Analysis},	
	volume={79},
	year={2022},
	doi = {10.1016/j.media.2022.102443},
}

@article{pr_kim2020geoinflu,
	title = {Geographic influences in the global rise of thyroid cancer},
	author = {Kim, Jina and Gosnell, Jessica E. and Roman, Sanziana A.},
	journal = {Nature Reviews Endocrinology},	
	volume={16},
	number = {1},
	pages = {17-29},
	year={2020},
	doi = {10.1038/s41574-019-0263-x},
}

@thesis{pr_monroy2021disvc,
	author = {Monroy Malca, Virginia del Pilar},
	title = {Diseño de un sistema de visión computacional para el pre-diagnóstico de la enfermedad de Parkinson a partir de la escritura de una persona},
	type = {Tesis de grado},
	institution = {Universidad ESAN},
	year = {2021},
	url = {https://hdl.handle.net/20.500.12640/2262}
}

@thesis{pr_moreira2021deteclung,
	author = {Moreira Aresta, Guilherme},
	title = {Detection of lung nodules in computed tomography images},
	type = {Tesis de grado},
	institution = {Universidad de Oporto},
	year = {2021},
	url = {https://repositorio-aberto.up.pt/bitstream/10216/134135/2/473080.pdf}
}

@thesis{pr_felgueiras20193dlungnod,
	author = {Felgueiras Carvalho, Ana Rita},
	title = {3D Lung Nodule Classification in Computed Tomography Images},
	type = {Tesis de maestría},
	institution = {Universidad de Oporto},
	year = {2019},
	url = {https://repositorio-aberto.up.pt/handle/10216/123391}
}

@inproceedings{pr_simonyan2015vdcn,
	title = {Very deep convolutional networks for large-scale image recognition},
	author = {Simonyan, Karen and Zisserman, Andrew},
	year = {2015},
	booktitle = {3rd International Conference on Learning Representations, ICLR 2015 - Conference Track Proceedings},
	url = {https://www.scopus.com/inward/record.uri?eid=2-s2.0-85083953063&partnerID=40&md5=a5b2d6b3fc9f0a6f92864467079a1280}
}

@article{pr_signgh20203ddl,
	title = {3d deep learning on medical images: A review},
	author = {Singh, Satya P. and Wang, Lipo and Gupta, Sukrit and Goli, Haveesh and Padmanabhan, Parasuraman and Gulyás, Balázs},
	journal = {Sensors (Switzerland)},	
	volume={20},
	number = {18},
	pages = {1-24},
	year={2020},
	doi = {10.3390/s20185097}
}

@article{pr_sun2022tnsnet,
	title = {TNSNet: Thyroid nodule segmentation in ultrasound imaging using soft shape supervision},
	author = {Sun, Jiawei and Li, Chunying and Lu, Zhengda and He, Mu and Zhao, Tong and Li, Xiaoqin and Gao, Liugang and Xie, Kai and Lin, Tao and Sui, Jianfeng and Xi, Qianyi and Zhang, Fan and Ni, Xinye},
	journal = {Computer Methods and Programs in Biomedicine},	
	volume={215},
	year={2022},
	doi = {10.1016/j.cmpb.2021.106600}
}

@article{pr_sun2023classthynvit,
	title = {Classification for thyroid nodule using ViT with contrastive learning in ultrasound images},
	author = {Sun, Jiawei and Wu, Bobo and Zhao, Tong and Gao, Liugang and Xie, Kai and Lin, Tao and Sui, Jianfeng and Li, Xiaoqin and Wu, Xiaojin and Ni, Xinye},
	journal = {Computers in Biology and Medicine},	
	volume={152},
	year={2023},
	doi = {10.1016/j.compbiomed.2022.106444}
}

@inproceedings{pr_szegedy2015goingdwc,
	title = {Going deeper with convolutions},
	author = {Szegedy, Christian and Liu, Wei and Jia, Yangqing and Sermanet, Pierre and Reed, Scott and Anguelov, Dragomir and Erhan, Dumitru and Vanhoucke, Vincent and Rabinovich, Andrew},
	year = {2015},
	booktitle = {Proceedings of the IEEE Computer Society Conference on Computer Vision and Pattern Recognition},
	pages = {1-9},
	doi = {10.1109/CVPR.2015.7298594}
}

@article{pr_wang2020autodiag,
	title = {Automatic diagnosis for thyroid nodules in ultrasound images by deep neural networks},
	author = {Wang, Lituan and Zhang, Lei and Zhu, Minjuan and Qi, Xiaofeng and Yi, Zhang},
	journal = {Medical Image Analysis},	
	volume={61},
	year={2020},
	doi = {10.1016/j.media.2020.101665}
}

@thesis{pr_supanta2021desalgdetec,
	author = {Supanta Zapata, Cesar Augusto},
	title = {Desarrollo de un algoritmo orientado a la detección y extracción de características de nódulos pulmonares en imágenes radiográficas digitales},
	type = {Tesis de pregrado},
	institution = {Universidad de San Martín de Porres},
	year = {2021},
	url = {https://hdl.handle.net/20.500.12727/7556}
}

@article{pr_zhang2023madlap,
	title = {Multistep Automated Data Labelling Procedure (MADLaP) for thyroid nodules on ultrasound: An artificial intelligence approach for automating image annotation},
	author = {Zhang, Jikai and Mazurowski, Maciej A. and Allen, Brian C. and Wildman-Tobriner, Benjamin},
	journal = {Artificial Intelligence in Medicine},	
	volume={141},
	year={2023},
	doi = {10.1016/j.artmed.2023.102553}
}

@article{pr_zhu2021agendlframew,
	title = {A generic deep learning framework to classify thyroid and breast lesions in ultrasound images},
	author = {Zhu, Yi-Cheng and AlZoubi, Alaa and Jassim, Sabah and Jiang, Quan and Zhang, Yuan and Wang, Yong-Bing and Ye, Xian-De and DU, Hongbo},
	journal = {Ultrasonics},	
	volume={110},
	year={2021},
	doi = {10.1016/j.ultras.2020.106300}
}


%%%libro
%%%%%%%%
@book{bk_geron2022handml,
	title={Hands-on machine learning with Scikit-Learn, Keras, and TensorFlow},
	author={Géron, Aurélien},
	year={2022},
	publisher={O'Reilly Media},
	location = {Sebastopol, California, Estados Unidos},
	edition = {2}
}

@book{bk_sampieri2014metodologia,
	title={Metodología de la investigación},
	author={Sampieri, R. H. and Collado, C. F. and Lucio, P. B.},
	year={2014},
	publisher={McGraw-Hill Education},
	edition = {6},
	url={https://books.google.com.pe/books?id=oLbjoQEACAAJ}
}

@book{bk_hurbans2020grokking,
	title={Grokking Artificial Intelligence Algorithms},
	author={Hurbans, Rishal},
	year={2020},
	publisher={Manning Publications},
}

@book{bk_moroney2020aiandml,
	title={AI and Machine Learning for Coders},
	author={Moroney, L.},
	year={2020},
	publisher={O'Reilly Media},
	url = {https://books.google.com.pe/books?id=gw4CEAAAQBAJ}
}

%%%website
%%%%%%%%%%
@misc{ws_izco2018bdcp,
	author = {Izco, Fernando},
	title = {Base de Datos Corporativa de Personas},
	year = {2018},
	url = {https://bookdown.org/f_izco/BDC-POC/metricas.html}
}

@misc{ws_oms2022cancert,
	title = {Cancer Today},
	author = {{Organización Mundial de la Salud}},
	year = {2022},
	url = {https://gco.iarc.who.int/today/en/dataviz/maps-heatmap?mode=population&key=crude_rate&types=0&age_start=0&cancers=32&sexes=2}
}

@misc{ws_inkawhich2024dcganpytorch,
	author = {Inkawhich, Nathan},
	title = {DCGAN Tutorial},
	year = {2024},
	url = {https://pytorch.org/tutorials/beginner/dcgan_faces_tutorial.html}
}
